@Article{alic2016objective,
  Title                    = {Objective review of de novo stand-alone error correction methods for NGS data},
  Author                   = {Alic, Andy S and Ruzafa, David and Dopazo, Joaquin and Blanquer, Ignacio},
  Journal                  = {Wiley Interdisciplinary Reviews: Computational Molecular Science},
  Year                     = {2016},

  Publisher                = {Wiley Online Library}
}

